@misc{bibtex,
  title = {Help on {BibTeX} Entry Types},
  howpublished = {\url{http://nwalsh.com/tex/texhelp/bibtx-7.html}},
  note = {Accessed: 2015-03-12}
}
@misc{dataset,
    author    = {The Audubon Society Field Guide to North American Mushrooms \\
     Jeff Schlimmer. \\},
    title     = {Mushroom Data Set\\, The Audubon Society Field Guide to North American Mushrooms (1981). G. H. Lincoff (Pres.), New York: Alfred A. Knopf },
    howpublished  = {\url{https://archive.ics.uci.edu/ml/datasets/mushroom}},
    note = {Accessed: 2018-04-11}
}
